@article{khade2023,
  author = {Rasika Khade and Krupa Jariwala and Chiranjoy Chattopadhyay},
  title = {An Interactive Floor Plan Image Retrieval Framework Based on Structural Features},
  journal = {Arabian Journal for Science and Engineering},
  year = {2023}
}